@article{IPFlow,
  author = {Sperotto, Anna and Schaffrath, Gregor and Sadre, Ramin and Morariu, Cristian and Pras, Aiko and Stiller, Burkhard},
  biburl = {http://www.bibsonomy.org/bibtex/28d392de6b36fedaeb7da7b7c7ecbdaf0/dblp},
  ee = {http://dx.doi.org/10.1109/SURV.2010.032210.00054},
  journal = {IEEE Communications Surveys and Tutorials},
  keywords = {dblp},
  number = 3,
  pages = {343-356},
  title = {An Overview of IP Flow-Based Intrusion Detection.},
  url = {http://dblp.uni-trier.de/db/journals/comsur/comsur12.html#SperottoSSMPS10},
  volume = 12,
  year = 2010
}

@article{methods,
	author = {Jayveer Singh, Manisha J. Nene},
	journal = {International Journal of Advanced Research in Computer and Communication Engineering},
	volume = 2,
	number = 11,
	title = {A Survey on Machine Learning Techniques for Intrusion Detection Systems},
	year = 2013
	
}

@inproceedings{alaidaros2011overview,
  title={An Overview of Flow-based and Packet-based Intrusion Detection Performance in High Speed Networks},
  author={Alaidaros, Hashem and Mahmuddin, MASSUDI and Al Mazari, Ali},
  booktitle={Proceedings of the International Arab Conference on Information Technology},
  year={2011}
}

@inproceedings{kim2004flow,
  title={A flow-based method for abnormal network traffic detection},
  author={Kim, Aiyung-Sup and Kong, Hun-Jeong and Hong, Seong-Cheol and Chung, Seung-Hwa and Hong, James W},
  booktitle={Network operations and management symposium, 2004. NOMS 2004. IEEE/IFIP},
  volume={1},
  pages={599--612},
  year={2004},
  organization={IEEE}
}

@article{moore2003inside,
  title={Inside the slammer worm},
  author={Moore, David and Paxson, Vern and Savage, Stefan and Shannon, Colleen and Staniford, Stuart and Weaver, Nicholas},
  journal={IEEE Security \& Privacy},
  number={4},
  pages={33--39},
  year={2003},
  publisher={IEEE}
}

@article{abuadlla2014flow,
  title={Flow-based anomaly intrusion detection system using two neural network stages},
  author={Abuadlla, Yousef and Kvascev, Goran and Gajin, Slavko and Jovanovic, Zoran},
  journal={Computer Science and Information Systems},
  volume={11},
  number={2},
  pages={601--622},
  year={2014}
}

@inproceedings{zhu2008botnet,
  title={Botnet research survey},
  author={Zhu, Zhaosheng and Lu, Guohan and Chen, Yan and Fu, Zhi Judy and Roberts, Phil and Han, Keesook},
  booktitle={Computer Software and Applications, 2008. COMPSAC'08. 32nd Annual IEEE International},
  pages={967--972},
  year={2008},
  organization={IEEE}
}

@inproceedings{ClosedWorld,
 author = {Sommer, Robin and Paxson, Vern},
 title = {Outside the Closed World: On Using Machine Learning for Network Intrusion Detection},
 booktitle = {Proceedings of the 2010 IEEE Symposium on Security and Privacy},
 series = {SP '10},
 year = {2010},
 isbn = {978-0-7695-4035-1},
 pages = {305--316},
 numpages = {12},
 url = {http://dx.doi.org/10.1109/SP.2010.25},
 doi = {10.1109/SP.2010.25},
 acmid = {1849980},
 publisher = {IEEE Computer Society},
 address = {Washington, DC, USA},
 keywords = {anomaly detection, machine learning, intrusion detection, network security},
} 



