@misc{stanford,
  title = {Stanford CS229 Machine Learning},
  howpublished = {\url{http://cs229.stanford.edu/materials.html}},
  note = {Accessed: 2016-04-18}
}

@article{IPFlow,
  author = {Sperotto, Anna and Schaffrath, Gregor and Sadre, Ramin and Morariu, Cristian and Pras, Aiko and Stiller, Burkhard},
  biburl = {http://www.bibsonomy.org/bibtex/28d392de6b36fedaeb7da7b7c7ecbdaf0/dblp},
  ee = {http://dx.doi.org/10.1109/SURV.2010.032210.00054},
  journal = {IEEE Communications Surveys and Tutorials},
  keywords = {dblp},
  number = 3,
  pages = {343-356},
  title = {An Overview of IP Flow-Based Intrusion Detection.},
  url = {http://dblp.uni-trier.de/db/journals/comsur/comsur12.html#SperottoSSMPS10},
  volume = 12,
  year = 2010
}

@article{methods,
	author = {Jayveer Singh, Manisha J. Nene},
	journal = {International Journal of Advanced Research in Computer and Communication Engineering},
	volume = 2,
	number = 11,
	title = {A Survey on Machine Learning Techniques for Intrusion Detection Systems},
	year = 2013
	
}

@inproceedings{alaidaros2011overview,
  title={An Overview of Flow-based and Packet-based Intrusion Detection Performance in High Speed Networks},
  author={Alaidaros, Hashem and Mahmuddin, MASSUDI and Al Mazari, Ali},
  booktitle={Proceedings of the International Arab Conference on Information Technology},
  year={2011}
}

@inproceedings{kim2004flow,
  title={A flow-based method for abnormal network traffic detection},
  author={Kim, Aiyung-Sup and Kong, Hun-Jeong and Hong, Seong-Cheol and Chung, Seung-Hwa and Hong, James W},
  booktitle={Network operations and management symposium, 2004. NOMS 2004. IEEE/IFIP},
  volume={1},
  pages={599--612},
  year={2004},
  organization={IEEE}
}

@article{moore2003inside,
  title={Inside the slammer worm},
  author={Moore, David and Paxson, Vern and Savage, Stefan and Shannon, Colleen and Staniford, Stuart and Weaver, Nicholas},
  journal={IEEE Security \& Privacy},
  number={4},
  pages={33--39},
  year={2003},
  publisher={IEEE}
}

@article{abuadlla2014flow,
  title={Flow-based anomaly intrusion detection system using two neural network stages},
  author={Abuadlla, Yousef and Kvascev, Goran and Gajin, Slavko and Jovanovic, Zoran},
  journal={Computer Science and Information Systems},
  volume={11},
  number={2},
  pages={601--622},
  year={2014}
}

@inproceedings{zhu2008botnet,
  title={Botnet research survey},
  author={Zhu, Zhaosheng and Lu, Guohan and Chen, Yan and Fu, Zhi Judy and Roberts, Phil and Han, Keesook},
  booktitle={Computer Software and Applications, 2008. COMPSAC'08. 32nd Annual IEEE International},
  pages={967--972},
  year={2008},
  organization={IEEE}
}

@article{scikit-learn,
 title={Scikit-learn: Machine Learning in {P}ython},
 author={Pedregosa, F. and Varoquaux, G. and Gramfort, A. and Michel, V.
         and Thirion, B. and Grisel, O. and Blondel, M. and Prettenhofer, P.
         and Weiss, R. and Dubourg, V. and Vanderplas, J. and Passos, A. and
         Cournapeau, D. and Brucher, M. and Perrot, M. and Duchesnay, E.},
 journal={Journal of Machine Learning Research},
 volume={12},
 pages={2825--2830},
 year={2011}
}

@inproceedings{sklearn_api,
  author    = {Lars Buitinck and Gilles Louppe and Mathieu Blondel and
               Fabian Pedregosa and Andreas Mueller and Olivier Grisel and
               Vlad Niculae and Peter Prettenhofer and Alexandre Gramfort
               and Jaques Grobler and Robert Layton and Jake VanderPlas and
               Arnaud Joly and Brian Holt and Ga{\"{e}}l Varoquaux},
  title     = {{API} design for machine learning software: experiences from the scikit-learn
               project},
  booktitle = {ECML PKDD Workshop: Languages for Data Mining and Machine Learning},
  year      = {2013},
  pages = {108--122},
}

@misc{gradient-fig,
  title = {{Stackoverflow} Gradient descent convergence How to decide convergence?},
  howpublished = {\url{http://stackoverflow.com/questions/17289082/gradient-descent-convergence-how-to-decide-convergence}},
  note = {Accessed: 2016-04-18}
}

@misc{overfit-fig,
  title = {{Test-Driven Data Analysis} In Defence of XML: Exporting and Analysing Apple Health Data},
  howpublished = {\url{http://www.tdda.info/}},
  note = {Accessed: 2016-04-18}
}

@misc{neuralnetworkmult,
  title = {{Openstar cnx} Neural Network Implementation},
  howpublished = {\url{https://cnx.org/contents/6CAkQax3@1/Neural-Networks}},
  note = {Accessed: 2016-04-18}
}

@misc{neuralnetwork,
  title = {{Stackoverflow} what is a 'layer' in a neural network},
  howpublished = {\url{http://stackoverflow.com/questions/35345191/what-is-a-layer-in-a-neural-network}},
  note = {Accessed: 2016-04-18}
}

@misc{svm,
  title = {{DTreg} SVM - Support Vector Machines},
  howpublished = {\url{https://www.dtreg.com/solution/view/20}},
  note = {Accessed: 2016-04-18}
}


@misc{coursera,
  title = {{Coursera} Machine Learning
Stanford University},
  howpublished = {\url{https://www.coursera.org/learn/machine-learning}},
  note = {Accessed: 2016-02-09}
}

@misc{scikit-regression,
  title = {{scikit-learn} linear regression},
  howpublished = {\url{http://scikit-learn.org/stable/modules/linear_model.html}},
  note = {Accessed: 2016-02-15}
}

@misc{mlcat,
  title = {A Tour of Machine Learning Algorithms},
  howpublished = {\url{http://machinelearningmastery.com/a-tour-of-machine-learning-algorithms/}},
  note = {Accessed: 2016-03-11}
}

@misc{knn,
  title = {{Ricky Ho} Predictive Analytics: NeuralNet, Bayesian, SVM, KNN},
  howpublished = {\url{http://horicky.blogspot.be/2012/06/predictive-analytics-neuralnet-bayesian.html}},
  note = {Accessed: 2016-04-18}
}

@misc{anomaly-fig,
  title = {R Interface to Oracle Data Mining},
  howpublished = {\url{http://www.analyticbridge.com/group/rprojectandotherfreesoftwaretools/forum/topics/r-interface-to-oracle-data}},
  note = {Accessed: 2016-04-18}
}

@misc{recall-fig,
  title = {Cornell CS4670},
  howpublished = {\url{http://www.cs.cornell.edu/courses/cs4670/2015sp/lectures/lec34_datasets_web.pdf}},
  note = {Accessed: 2016-04-18}
}

@misc{rollingBall,
  title = {Intuitive Machine Learning : Gradient Descent Simplified},
  howpublished = {\url{http://ucanalytics.com/blogs/intuitive-machine-learning-gradient-descent-simplified/
}},
  note = {Accessed: 2016-04-20}
}

@misc{multiclass,
  title = {Logistic Regression},
  howpublished = {\url{http://www.holehouse.org/mlclass/06_Logistic_Regression.html
}},
  note = {Accessed: 2016-04-22}
}

@misc{binclass,
  title = {CIS 520 Machine learning - 2015},
  howpublished = {\url{https://alliance.seas.upenn.edu/~cis520/dynamic/2014/wiki/index.php?n=Lectures.Classification
}},
  note = {Accessed: 2016-04-22}
}

@misc{evalml,
  title = {Coursera machine learning, evaluating a hypothesis},
  author = {Andrew Ng},
  howpublished = {\url{https://www.coursera.org/learn/machine-learning/lecture/yfbJY/evaluating-a-hypothesis
}},
  note = {Accessed: 2016-04-22}
}

@misc{wiki,
  title = {Model selection},
  howpublished = {\url{https://en.wikipedia.org/wiki/Model_selection
}},
  note = {Accessed: 2016-04-22}
}

@misc{harmonic,
  title = {Which “mean” to use and when?},
  howpublished = {\url{http://stats.stackexchange.com/questions/23117/which-mean-to-use-and-when
}},
  note = {Accessed: 2016-04-22}
}

@inproceedings{pattern,
	author = {Christopher M. Bishop},
 title = {Pattern Recognition and Machine Learning. Springer},
}

@inproceedings{ClosedWorld,
 author = {Sommer, Robin and Paxson, Vern},
 title = {Outside the Closed World: On Using Machine Learning for Network Intrusion Detection},
 booktitle = {Proceedings of the 2010 IEEE Symposium on Security and Privacy},
 series = {SP '10},
 year = {2010},
 isbn = {978-0-7695-4035-1},
 pages = {305--316},
 numpages = {12},
 url = {http://dx.doi.org/10.1109/SP.2010.25},
 doi = {10.1109/SP.2010.25},
 acmid = {1849980},
 publisher = {IEEE Computer Society},
 address = {Washington, DC, USA},
 keywords = {anomaly detection, machine learning, intrusion detection, network security},
} 



